@InProceedings{qmeas,
  author =       "Alejandro Díaz-Caro and Gilles Dowek",
  title =        "Typing quantum superpositions and measurement",
  booktitle =    "Theory and Practice of Natural Computing (TPNC 2017)",
  editor =       "Carlos Martín-Vide and Roman Neruda and Miguel A. Vega-Rodríguez",
  series =       "Lecture Notes in Computer Science",
  publisher =    "Springer, Cham",
  pages =        "281--293",
  volume =       "10687",
  year =         "2017"
} %   DOI =          "10.1007/978-3-319-71069-3_22"

@article{tait,
  author =       "Tait, W. W.",
  title =        "Intensional Interpretations of Functionals of Finite Type I",
  journal =      "Journal of Symbolic Logic",
  volume =       "32",
  number =       "2",
  year =         "1967"
} %  DOI =          "10.2307/2271658"

@book{girard,
  author =       "Girard, Jean-Yves",
  title =        "Proof and types",
  publisher =    "Cambridge University Press",
  year =         "1989"
}

@phdthesis{girard-thesis,
  title={Interpr{\'e}tation fonctionelle et {\'e}limination des coupures de l’arithm{\'e}tique d’ordre sup{\'e}rieur},
  author={Girard, Jean-Yves},
  year={1972},
  school={PhD thesis, Universit{\'e} Paris VII}
}

@article{abramsky,
  author =       "Abramsky, S.",
  title =        "Computational interpretations of Linear Logic",
  journal =      "Theoretical Computer Science",
  volume =       "111",
  number =       "1",
  pages =        "3--57",
  year =         "1993"
} %  DOI =          "10.1016/0304-3975(93)90181-R"

@article{wootters,
  author =       "Wootters, W. K. and Zurek, W. H.",
  title =        "A single quantum cannot be cloned",
  journal =      "Nature",
  volume =       "299",
  pages =        "802--803",
  year =         "1982"
} %  DOI =          "10.1038/299802a0"

@Article{dieks,
  title =        "Communication by EPR devices",
  author =       "Dennis Dieks",
  journal =      "Physics Letters A",
  volume =       "92",
  number =       "6",
  pages =        "271--272",
  year =         "1982"
} %  DOI =          "10.1016/0375-9601(82)90084-6"

@inproceedings{altenkirch,
  author =       "Altenkirch, T. and Grattage, J.",
  title =        "A functional quantum programming language",
  booktitle =    "Proceedings of LICS 2005",
  publisher =    "IEEE",
  pages =        "249--258",
  year =         "2005"
} %  DOI =          "10.1109/LICS.2005.1"

@Article{selinger,
  author =       "Peter Selinger and Benoît Valiron",
  title =        "A lambda calculus for quantum computation with classical control",
  journal =      "Mathematical Structures in Computer Science",
  volume =       "16",
  number =       "3",
  year =         "2006",
  pages =        "527--552",
  publisher =    "Cambridge University Press"
} %  DOI =          "10.1017/S0960129506005238"

@article{zorzi,
  author =       "Zorzi, M.",
  title =        "On quantum lambda calculi: a foundational perspective",
  journal =      "Mathematical Structures in Computer Science",
  volume = 	     "26",
  numer = 	     "7",
  pages =        "1--89",
  year =         "2016"
} %  DOI = 	       "10.1017/S0960129514000425"

@article{arrighi,
  author =       "Pablo Arrighi and Alejandro Díaz-Caro",
  title =        "A System F accounting for scalars",
  journal =      "Logical Methods in Computer Science",
  volume =       "8(1:11)",
  year =         "2012"
} %  DOI =          "10.2168/LMCS-8(1:11)2012"

@Article{arrighi2,
  author =       "Pablo Arrighi and Alejandro Díaz-Caro and Benoît Valiron",
  title =        "The Vectorial Lambda-Calculus",
  journal =      "Information and Computation",
  volume =       "254",
  number =       "1",
  pages=         "105--139",
  year =         "2017"
} %  DOI =          "10.1016/j.ic.2017.04.001"

@inproceedings{arrighi3,
  author =       "Pablo Arrighi and Gilles Dowek",
  title =        "Linear-algebraic lambda-calculus: higher-order, encodings, and confluence",
  booktitle =    "Proceedings of RTA 2008",
  publisher =    "LNCS 5117:17-31",
  year =         "2008"
} %  DOI =          "10.1007/978-3-540-70590-1_2"

@article{arrighi4,
  author =       "Pablo Arrighi and Gilles Dowek",
  title =        "Lineal: A linear-algebraic Lambda-calculus",
  journal =      "Logical Methods in Computer Science",
  volume =       "13",
  number =       "1",
  year =         "2017"
} %  DOI =          "10.23638/LMCS-13(1:8)2017"

@article{assaf,
  author =       "Assaf, A. and Alejandro Díaz-Caro and Perdrix, S. and Tasson, C. and Valiron, B.",
  editor =       "S. Gay and I. Mackie",
  title =        "Call-by-value, call-by-name and the vectorial behaviour of the algebraic lambda-calculus",
  journal =      "Logical Methods in Computer Science",
  chapter =      "10(4:8)",
  year =         "2014"
} %  DOI =          "10.2168/LMCS-10(4:8)2014"

@inproceedings{valiron,
  author =       "Benoît Valiron",
  title =        "Orthogonality and Algebraic Lambda-Calculus",
  booktitle =    "Proceedings of QPL 2010",
  publisher =    "Oxford",
  month =        "5",
  year =         "2010"
} %  URL =          "http://www.cs.ox.ac.uk/people/bob.coecke/QPL_proceedings.html"

@misc{confluence,
    author = "Alejandro Díaz-Caro and Guido Martínez",
    title = "Confluence in probabilistic rewriting",
    year = "2017",
    howpublished = "Preproceedings of LSFA 2017. Preprint at {\tt arXiv:1708.03536}."
}

@MastersThesis{confluence-thesis,
    author  = {Guido Martínez},
    title   = "Confluencia en sistemas de reescritura probabilista",
    school  = {Universidad Nacional de Rosario},
    address = {Rosario, Argentina},
    month   = "3",
    year    = {2017}
}

@InCollection{sep-curry-paradox,
	author       =	{Shapiro, Lionel and Beall, Jc},
	title        =	{Curry's Paradox},
	booktitle    =	{The Stanford Encyclopedia of Philosophy},
	editor       =	{Edward N. Zalta},
	howpublished =	{\url{https://plato.stanford.edu/archives/spr2018/entries/curry-paradox/}},
	year         =	{2018},
	edition      =	{Spring 2018},
	publisher    =	{Metaphysics Research Lab, Stanford University}
}

@article{church1940formulation,
  title={A formulation of the simple theory of types},
  author={Church, Alonzo},
  journal={The journal of symbolic logic},
  volume={5},
  number={2},
  pages={56--68},
  year={1940},
  publisher={Cambridge University Press}
}

@article{ast,
  author={Olivier Bournez, Florent Garnier},
  title={Proving Positive Almost-Sure Termination},
  year={2004}
}